

@article{findler2002drscheme,
  title={DrScheme: A programming environment for Scheme},
  author={Findler, Robert Bruce and Clements, John and Flanagan, Cormac and Flatt, Matthew and Krishnamurthi, Shriram and Steckler, Paul and Felleisen, Matthias},
  journal={Journal of functional programming},
  volume={12},
  number={02},
  pages={159--182},
  year={2002},
  publisher={Cambridge Univ Press}
}

@book{TanenbaumAustin201208, 
title={Structured Computer Organization (6th Edition)},
author={Andrew S. Tanenbaum and Todd Austin},
publisher={Prentice Hall},
year={2012},
month={8},
edition={6},
isbn={9780132916523},
url={http://amazon.com/o/ASIN/0132916525/},
price={$182.80},
totalpages={800},
timestamp={2015.01.07},
}

@inproceedings{backus1978history,
  title={The history of Fortran I, II, and III},
  author={Backus, John},
  booktitle={History of programming languages I},
  pages={25--74},
  year={1978},
  organization={ACM}
}


@misc{griffiths2007fluxus,
  title={Fluxus},
  author={Griffiths, Dave},
  year={2007}
}

@inproceedings{mcdirmid2013usable,
  title={Usable live programming},
  author={McDirmid, Sean},
  booktitle={Proceedings of the 2013 ACM international symposium on New ideas, new paradigms, and reflections on programming \& software},
  pages={53--62},
  year={2013},
  organization={ACM}
}

@book{hintjens2013zeromq,
  title={ZeroMQ: Messaging for Many Applications},
  author={Hintjens, Pieter},
  year={2013},
  publisher={" O'Reilly Media, Inc."}
}

@book{wolfram1991mathematica,
  title={Mathematica},
  author={Wolfram, Stephen},
  year={1991},
  publisher={Addison-Wesley}
}

@article{PER-GRA:2007,
  author    = {P\'erez, Fernando and Granger, Brian E.},
  title     = {{IP}ython: a System for Interactive Scientific Computing},
  journal   = {Computing in Science and Engineering},
  volume    = {9},
  number    = {3},
  pages     = {21--29},
  month     = may,
  year      = 2007,
  url       = "http://ipython.org",
  ISSN      = "1521-9615",
  doi       = {10.1109/MCSE.2007.53},
  publisher = {IEEE Computer Society},
}

@book{papert1980mindstorms,
  title={Mindstorms: Children, computers, and powerful ideas},
  author={Papert, Seymour},
  year={1980},
  publisher={Basic Books, Inc.}
}

@inproceedings{hickey2008clojure,
  title={The clojure programming language},
  author={Hickey, Rich},
  booktitle={Proceedings of the 2008 symposium on Dynamic languages},
  pages={1},
  year={2008},
  organization={ACM}
}

@book{goldberg1983smalltalk,
  title={Smalltalk-80: the language and its implementation},
  author={Goldberg, Adele and Robson, David},
  year={1983},
  publisher={Addison-Wesley Longman Publishing Co., Inc.}
}

@inproceedings{GuoSIGCSE2013,
 author = {Guo, Philip J.},
 title = {{Online Python Tutor}: Embeddable Web-based Program Visualization for {CS} Education},
 booktitle = {Proceedings of the 44th ACM Technical Symposium on Computer Science Education},
 series = {SIGCSE '13},
 year = {2013},
 isbn = {978-1-4503-1868-6},
 location = {Denver, Colorado, USA},
 pages = {579--584},
 numpages = {6},
 url = {http://doi.acm.org/10.1145/2445196.2445368},
 doi = {10.1145/2445196.2445368},
 acmid = {2445368},
 publisher = {ACM},
 address = {New York, NY, USA},
 keywords = {CS1, program visualization, python},
}

@article{bullet1987essence,
  title={{No Silver Bullet -- Essence and Accidents of Software Engineering}},
  author={Frederick P. Brooks},
  journal={IEEE Computer},
  volume={20},
  number={4},
  pages={10--19},
  year={1987}
}


@book{hamming2003art,
  title={The Art of Doing Science and Engineering: Learning to Learn},
  author={Hamming, R.R.},
  isbn={9056995014},
  url={http://books.google.pt/books?id=49QuCOLIJLUC},
  year={2003},
  publisher={Taylor \& Francis}
}

@misc{lighttable,
  author = {Chris Granger},
  title = {{Light Table -- A new IDE concept}},
  howpublished={Retrieved from~\url{http://lighttable.com}},
  year={Jan. 2014}
}

@misc{learnableProg,
  author = {Bret Victor},
  title = {{Learnable Programming -- Designing a programming system for understanding programs}},
  howpublished ={Retrieved from \url{http://worrydream.com/LearnableProgramming}},
  year = {Jan. 2014}
}

@misc{inventingPrin,
  author = {Bret Victor},
  title = {{Inventing on principle}},
  howpublished ={Invited talk at the Canadian University Software Engineering Conference (CUSEC)},
  month= {Jan.},
  year = {2012}
}

@book{clements2002documenting,
  title={Documenting software architectures: views and beyond},
  author={Clements, Paul and Garlan, David and Bass, Len and Stafford, Judith and Nord, Robert and Ivers, James and Little, Reed},
  year={2002},
  publisher={Pearson Education}
}

@inproceedings{lopes2011portable,
  title={Portable generative design for CAD applications},
  author={Lopes, Jos{\'e} and Leit{\~a}o, Ant{\'o}nio},
  booktitle={Proceedings of the 31st annual conference of the Association for Computer Aided Design in Architecture},
  pages={196--203},
  year={2011}
}

@article{mccormack2004generative,
  title={Generative design: a paradigm for design research},
  author={McCormack, Jon and Dorin, Alan and Innocent, Troy and others},
  journal={Proceedings of Futureground, Design Research Society, Melbourne},
  year={2004}
}

@article{myers1990taxonomies,
  title={Taxonomies of visual programming and program visualization},
  author={Myers, Brad A},
  journal={Journal of Visual Languages \& Computing},
  volume={1},
  number={1},
  pages={97--123},
  year={1990},
  publisher={Elsevier}
}

@phdthesis{cabecinhas2010high,
  title={A High-Level Pedagogical 3D Modeling Language and Framework},
  author={Cabecinhas, Filipe Andr{\'e}},
  year={2010},
  school={PhD Dissertation, Technical University of Lisbon}
}

@article{davis2012yeti,
  title={Yeti: Designing geometric tools with interactive programming},
  author={Davis, Daniel and Burry, Jane and Burry, Mark},
  journal={Design and semantics of form and movement},
  pages={196},
  year={2012}
}

@incollection{aish2012designscript,
  title={DesignScript: origins, explanation, illustration},
  author={Aish, Robert},
  booktitle={Computational Design Modelling},
  pages={1--8},
  year={2012},
  publisher={Springer}
}

@inproceedings{leitao2011programming,
  title={Programming Languages for Generative design: Visual or Textual?},
  author={Leit{\~a}o, A and Santos, L},
  booktitle={Zupancic, T., Juvancic, M., Verovsek., S. and Jutraz, A., eds., Respecting Fragile Places, 29th eCAADe Conference Proceedings, University of Ljubljana, Faculty of Architecture (Slovenia), Ljubljana},
  pages={549--557},
  year={2011}
}

@book{terzidis2003expressive,
  title={Expressive Form: A conceptual approach to computational design},
  author={Terzidis, Kostas},
  year={2003},
  publisher={Taylor \& Francis}
}

@article{mclean2010visualisation,
  title={Visualisation of live code},
  author={McLean, Alex and Griffiths, Dave and Collins, Nick and Wiggins, Geraint},
  journal={Proceedings of Electronic Visualisation and the Arts 2010},
  pages={26--30},
  year={2010}
}

@article{leitao2012programming,
  title={Programming languages for generative design: a comparative study},
  author={Leit{\~a}o, Ant{\'o}nio and Santos, Lu{\'\i}s and Lopes, Jos{\'e}},
  journal={International Journal of Architectural Computing},
  volume={10},
  number={1},
  pages={139--162},
  year={2012},
  publisher={Multi-Science}
}

@article{Chen:2005:EEI:1089053.1089068,
 author = {Chen, Zhixiong and Marx, Delia},
 title = {{Experiences with Eclipse IDE in Programming Courses}},
 journal = {J. Comput. Sci. Coll.},
 issue_date = {December 2005},
 volume = {21},
 number = {2},
 month = dec,
 year = {2005},
 issn = {1937-4771},
 pages = {104--112},
 numpages = {9},
 url = {http://dl.acm.org/citation.cfm?id=1089053.1089068},
 acmid = {1089068},
 publisher = {Consortium for Computing Sciences in Colleges},
 address = {USA}
}
@article{ivie1977programmer,
  title={The programmer's workbenchâ€”a machine for software development},
  author={Ivie, Evan L},
  journal={Communications of the ACM},
  volume={20},
  number={10},
  pages={746--753},
  year={1977},
  publisher={ACM}
}

@article{edwards2004example,
  title={Example centric programming},
  author={Edwards, Jonathan},
  journal={ACM SIGPLAN Notices},
  volume={39},
  number={12},
  pages={84--91},
  year={2004},
  publisher={ACM}
}

@inproceedings{storey2005theories,
  title={Theories, methods and tools in program comprehension: Past, present and future},
  author={Storey, Margaret-Anne},
  booktitle={Program Comprehension, 2005. IWPC 2005. Proceedings. 13th International Workshop on},
  pages={181--191},
  year={2005},
  organization={IEEE}
}

@article{brooks1977towards,
  title={Towards a theory of the cognitive processes in computer programming},
  author={Brooks, Ruven},
  journal={International Journal of Man-Machine Studies},
  volume={9},
  number={6},
  pages={737--751},
  year={1977},
  publisher={Elsevier}
}

@article{soloway1984empirical,
  title={Empirical studies of programming knowledge},
  author={Soloway, Elliot and Ehrlich, Kate},
  journal={Software Engineering, IEEE Transactions on},
  number={5},
  pages={595--609},
  year={1984},
  publisher={IEEE}
}

@article{rugaber1995program,
  title={Program comprehension},
  author={Rugaber, Spencer},
  journal={Encyclopedia of Computer Science and Technology},
  volume={35},
  number={20},
  pages={341--368},
  year={1995}
}

@inproceedings{sorensen2005impromptu,
  title={Impromptu: An interactive programming environment for composition and performance},
  author={Sorensen, Andrew},
  booktitle={Proceedings of the Australasian Computer Music Conference 2009},
  year={2005}
}

@book{sommerville1996software,
  title={Software Engineering},
  author={Sommerville, I.},
  isbn={9780201427653},
  lccn={lc95038788},
  series={International computer science series},
  url={http://books.google.pt/books?id=RIpQAAAAMAAJ},
  year={1996},
  publisher={Addison-Wesley Publishing Company}
}

@article{bobrow1993clos,
  title={Clos in context-the shape of the design space},
  author={Bobrow, Daniel G and Gabriel, Richard P and White, Jon L},
  journal={Object Oriented Programming: The CLOS Perspective},
  pages={29--61},
  year={1993},
  publisher={MIT Press}
}

@inproceedings{tanimoto2013perspective,
  title={A perspective on the evolution of live programming},
  author={Tanimoto, Steven L},
  booktitle={Live Programming (LIVE), 2013 1st International Workshop on},
  pages={31--34},
  year={2013},
  organization={IEEE}
}

@article{dolotta1978unix,
  title={UNIX time-sharing system: The programmer's workbench},
  author={Dolotta, TA and Haight, RC and Mashey, JR},
  journal={Bell System Technical Journal, The},
  volume={57},
  number={6},
  pages={2177--2200},
  year={1978},
  publisher={Alcatel-Lucent}
}

@article{reas2006processing,
  title={Processing: programming for the media arts},
  author={Reas, Casey and Fry, Ben},
  journal={AI \& SOCIETY},
  volume={20},
  number={4},
  pages={526--538},
  year={2006},
  publisher={Springer}
}

@article{desrivieres2004eclipse,
  title={Eclipse: A platform for integrating development tools},
  author={desRivieres, Jim and Wiegand, John},
  journal={IBM Systems Journal},
  volume={43},
  number={2},
  pages={371--383},
  year={2004},
  publisher={IBM}
}

@book{holzner2004eclipse,
  title={Eclipse},
  author={Holzner, Steve},
  year={2004},
  publisher={" O'Reilly Media, Inc."}
}


@misc{eclipse2007eclipse,
  title={{Eclipse IDE}},
  author={Eclipse Foundation},
  howpublished={Retrieved from \url{http://eclipse.org}},
  year={Jan. 2014}
}

@book{carlson2005eclipse,
  title={Eclipse Distilled},
  author={Carlson, David},
  year={2005},
  publisher={Addison-Wesley Reading}
}

@misc{netbeans2000netbeans,
  title={{NetBeans IDE}},
  author={Oracle Corporation},
  howpublished={retrieved from \url{http://netbeans.org}},
  year={2000}
}

@book{boudreau2002netbeans,
  title={NetBeans: The Definitive Guide},
  author={Boudreau, T.},
  isbn={9780596002800},
  lccn={2003544580},
  series={Definitive Guide Series},
  url={https://books.google.pt/books?id=9I5lr0uE4GAC},
  year={2002},
  publisher={O'Reilly Media, Incorporated}
}

@misc{mvs2002mvs,
  title={{Microsoft Visual Studio IDE}},
  author={Microsoft},
  howpublished={retrieved from \url{http://visualstudio.com}},
  year={2002}
}

@misc{mvse2002mvse,
  title={{Extending Visual Studio Overview}},
  author={Microsoft},
  howpublished={retrieved from \url{http://msdn.microsoft.com/library/bb165336.aspx}},
  year={2014}
}

@misc{intellij2001intellij,
  title={{IntelliJ IDEA}},
  author={JetBrains},
  howpublished={Retrieved from \url{http://jetbrains.com/idea/}},
  year={2001}
}

@misc{intellij2014intellij,
  title={{IntelliJ IDEA's Open Plug-in API}},
  author={JetBrains},
  howpublished={Retrieved from \url{http://confluence.jetbrains.com/display/IDEADEV/PluginDevelopment}},
  year={2014}
}